<?xml version="1.0" encoding="UTF-8"?>
<collection xmlns:xsi="http://www.w3.org/2001/XMLSchema-instance" xsi:schemaLocation="http://www.loc.gov/MARC21/slim http://www.loc.gov/standards/marcxml/schema/MARC21slim.xsd" xmlns="http://www.loc.gov/MARC21/slim">
<record>
  <leader>01123nam a2200253 a 4500</leader>
  <controlfield tag="001">2531938</controlfield>
  <controlfield tag="003">NNC</controlfield>
  <controlfield tag="005">20030429131150.0</controlfield>
  <controlfield tag="008">900224s1924    ua a     b    000 0 arard</controlfield>
  <datafield tag="035" ind1=" " ind2=" ">
    <subfield code="a">(OCoLC)ocm21120591</subfield>
  </datafield>
  <datafield tag="035" ind1=" " ind2=" ">
    <subfield code="9">AQL3068CU</subfield>
  </datafield>
  <datafield tag="040" ind1=" " ind2=" ">
    <subfield code="a">IXA</subfield>
    <subfield code="c">IXA</subfield>
    <subfield code="d">ZCU</subfield>
  </datafield>
  <datafield tag="041" ind1="0" ind2=" ">
    <subfield code="a">ara</subfield>
    <subfield code="b">fre</subfield>
  </datafield>
  <datafield tag="090" ind1=" " ind2=" ">
    <subfield code="a">DT153.Q3</subfield>
    <subfield code="b">A8</subfield>
  </datafield>
  <datafield tag="100" ind1="1" ind2=" ">
    <subfield code="a">Aṣmaʻī, Muḥammad ʻAbd al-Jawwād.</subfield>
  </datafield>
  <datafield tag="245" ind1="1" ind2="0">
    <subfield code="a">Qalʻat Muḥammad ʻAlī, lā qalʻat Nāpuliyūn :</subfield>
    <subfield code="b">baḥth tārīkhī atharī /</subfield>
    <subfield code="c">bi-qalam Muḥammad ʻAbd al-Jawād al-Aṣmaʻī.</subfield>
  </datafield>
  <datafield tag="260" ind1=" " ind2=" ">
    <subfield code="a">Cairo :</subfield>
    <subfield code="b">[s.n.],</subfield>
    <subfield code="c">1924</subfield>
    <subfield code="e">(Cairo :</subfield>
    <subfield code="f">Maṭbaʻat Dār al-Kutub al-Miṣrīyah)</subfield>
  </datafield>
  <datafield tag="300" ind1=" " ind2=" ">
    <subfield code="a">103, 13 p. :</subfield>
    <subfield code="b">ill. ;</subfield>
    <subfield code="c">28 cm.</subfield>
  </datafield>
  <datafield tag="500" ind1=" " ind2=" ">
    <subfield code="a">Summary in French.</subfield>
  </datafield>
  <datafield tag="500" ind1=" " ind2=" ">
    <subfield code="a">Title on added t.p.: le Fort Méhémet-Ali.</subfield>
  </datafield>
  <datafield tag="500" ind1=" " ind2=" ">
    <subfield code="a">"Muḥallá bi-nubdhah tārīkhīyah mumtiʻah ʻan al-madāris al-ḥarbīyah wa-al-maʻāmil al-ʻaskarīyah wa-ḥālat al-jaysh al-Miṣrī (al-barrī wa-baḥrī) fī ʻabd 'Muḥammad ʻAlī' / bi-qalam ʻUmar Ṭūsūn."</subfield>
  </datafield>
  <datafield tag="651" ind1=" " ind2="0">
    <subfield code="a">Qalʻat Muḥammad ʻAlī (Egypt)</subfield>
  </datafield>
  <datafield tag="740" ind1="0" ind2="1">
    <subfield code="a">Fort Méhémet-Ali.</subfield>
  </datafield>
  <datafield tag="955" ind1=" " ind2=" ">
    <subfield code="b">CU52861783</subfield>
    <subfield code="d">off,glx</subfield>
    <subfield code="e">DT153.Q3 A8</subfield>
  </datafield>
</record>
</collection>